@article {Duval1985Bargmanntheory,
    AUTHOR = {Duval, C. and Burdet, G. and K\"{u}nzle, H. P. and Perrin, M.},
     TITLE = {Bargmann structures and {N}ewton-{C}artan theory},
   JOURNAL = {Phys. Rev. D (3)},
  FJOURNAL = {Physical Review. D. Particles and Fields. Third Series},
    VOLUME = {31},
      YEAR = {1985},
    NUMBER = {8},
     PAGES = {1841--1853},
      ISSN = {0556-2821},
   MRCLASS = {83D05 (53C80 81E20)},
  MRNUMBER = {787753},
MRREVIEWER = {Nicholas M. J. Woodhouse},
       DOI = {10.1103/PhysRevD.31.1841},
       URL = {https://doi.org/10.1103/PhysRevD.31.1841},
}

@article {Kunzle1972,
    AUTHOR = {K\"{u}nzle, H. P.},
     TITLE = {Galilei and {L}orentz structures on space-time: comparison of
              the corresponding geometry and physics},
   JOURNAL = {Ann. Inst. H. Poincar\'{e} Sect. A (N.S.)},
  FJOURNAL = {Annales de l'Institut Henri Poincar\'{e}. Section A. Physique
              Th\'{e}orique. Nouvelle S\'{e}rie},
    VOLUME = {17},
      YEAR = {1972},
     PAGES = {337--362},
      ISSN = {0246-0211},
   MRCLASS = {83.53},
  MRNUMBER = {334831},
MRREVIEWER = {H. Rund},
}

@ARTICLE{Janjic2013,
       author = {{Janjic}, Milan},
        title = "{Some Determinantal Identities}",
      journal = {arXiv e-prints},
     keywords = {Mathematics - Combinatorics},
         year = {2013},
        month = {feb},
          eid = {arXiv:1302.2504},
        pages = {arXiv:1302.2504},
archivePrefix = {arXiv},
       eprint = {1302.2504},
 primaryClass = {math.CO},
       adsurl = {https://ui.adsabs.harvard.edu/abs/2013arXiv1302.2504J},
      adsnote = {Provided by the SAO/NASA Astrophysics Data System}
}

@incollection {Benenti1992,
    AUTHOR = {Benenti, S.},
     TITLE = {Inertia tensors and {S}t\"{a}ckel systems in the {E}uclidean
              spaces},
      NOTE = {Differential geometry (Turin, 1992)},
   JOURNAL = {Rend. Sem. Mat. Univ. Politec. Torino},
  FJOURNAL = {Universit\`a e Politecnico di Torino. Seminario Matematico.
              Rendiconti},
    VOLUME = {50},
      YEAR = {1992},
    NUMBER = {4},
     PAGES = {315--341 (1993)},
      ISSN = {0373-1243},
   MRCLASS = {70G10 (53C80 70H20)},
  MRNUMBER = {1261446},
MRREVIEWER = {Niky Kamran},
}

